%% This BibTeX bibliography file was created using BibDesk.
%% http://bibdesk.sourceforge.net/

%% Created for Tim Kiely at 2018-02-07 16:23:20 -0500 


%% Saved with string encoding Unicode (UTF-8) 



@article{antipov12,
	Author = {Antipov, Evgeny A. and Pokryshevskaya, Elena B.},
	Date-Added = {2018-02-07 20:53:18 +0000},
	Date-Modified = {2018-02-07 21:23:04 +0000},
	Journal = {Expert Systems with Applications},
	Rating = {0},
	Read = {0},
	Title = {Mass appraisal of residential apartments: An application of Random forest for valuation and a CART-based approach for model diagnostics},
	Year = {2012}}
