%% This BibTeX bibliography file was created using BibDesk.
%% http://bibdesk.sourceforge.net/

%% Created for Tim Kiely at 2018-05-05 10:45:36 -0400 


%% Saved with string encoding Unicode (UTF-8) 



@article{Zuk2015,
	Author = {Miriam Zuk et al.},
	Date-Added = {2018-05-05 14:39:10 +0000},
	Date-Modified = {2018-05-05 14:45:36 +0000},
	Title = {Gentrification, Displacement and the Role of Public Investment: A Literature Review},
	Year = {2015}}

@manual{Eckert1990,
	Address = {Chicago, IL.},
	Author = {Eckert, J. K.},
	Date-Added = {2018-05-05 00:55:17 +0000},
	Date-Modified = {2018-05-05 00:56:55 +0000},
	Organization = {International Association of Assessing Officers},
	Title = {Property Appraisal and Assessment Administration},
	Year = {1990}}

@article{Miller2015,
	Author = {Miller, J.; Franklin, J.; Aspinall, R.},
	Date-Added = {2018-05-05 00:38:55 +0000},
	Date-Modified = {2018-05-05 00:40:21 +0000},
	Journal = {Ecological Modelling},
	Number = {3},
	Pages = {225-242},
	Title = {Incorporating Spatial Dependence in Predictive Vegetation Models},
	Volume = {202},
	Year = {2007}}

@article{Almanie2015,
	Author = {Almanie, T.; Mirza, R.; Lor, E.},
	Date-Added = {2018-05-05 00:35:20 +0000},
	Date-Modified = {2018-05-05 00:37:49 +0000},
	Journal = {International Journal of Data Mining & Knowledge Management Process (IJDKP)},
	Month = {July},
	Number = {4},
	Title = {Crime Prediction Based on Crime Types and Using Spatial and Temporal Criminal Hotspots},
	Volume = {5},
	Year = {2015}}

@article{urban2016,
	Author = {Solomon Greene, Rolf Pendall, Molly Scott, and Serena Lei},
	Date-Added = {2018-05-05 00:10:14 +0000},
	Date-Modified = {2018-05-05 00:25:41 +0000},
	Howpublished = {Urban Institue Brief},
	Journal = {Urban Institue Brief},
	Month = {June},
	Read = {0},
	Title = {Open Cities: From Economic Exclusion to Urban Inclusion},
	Year = {2016},
	Bdsk-File-1 = {YnBsaXN0MDDUAQIDBAUGJCVYJHZlcnNpb25YJG9iamVjdHNZJGFyY2hpdmVyVCR0b3ASAAGGoKgHCBMUFRYaIVUkbnVsbNMJCgsMDxJXTlMua2V5c1pOUy5vYmplY3RzViRjbGFzc6INDoACgAOiEBGABIAFgAdccmVsYXRpdmVQYXRoWWFsaWFzRGF0YV8Qci4uLy4uLy4uLy4uLy4uL0xpdCBTb3VyY2VzIGZvciBUaGVzaXMvVXJiYW4gSW5zdGl0dXRlIG9wZW4tY2l0aWVzLWZyb20tZWNvbm9taWMtZXhjbHVzaW9uLXRvLXVyYmFuLWluY2x1c2lvbl8wLnBkZtIXCxgZV05TLmRhdGFPEQLCAAAAAALCAAIAAAxNYWNpbnRvc2ggSEQAAAAAAAAAAAAAAAAAAADUm5itSCsAAABUEvEfVXJiYW4gSW5zdGl0dXRlIG9wZSM1MTgzMDIzLnBkZgAAAAAAAAAAAAAAAAAAAAAAAAAAAAAAAAAAAAAAAAAABRgwI9cSbk0AAAAAAAAAAAAFAAIAAAkgAAAAAAAAAAAAAAAAAAAAFkxpdCBTb3VyY2VzIGZvciBUaGVzaXMAEAAIAADUm979AAAAEQAIAADXEqaNAAAAAQAYAFQS8QBUEu8ADmZSAA5YSQALi4cABmI2AAIAd01hY2ludG9zaCBIRDpVc2VyczoAdGlta2llbHk6AERyb3Bib3ggKFBlcnNvbmFsKToATVNQQToAVGhlc2lzOgBMaXQgU291cmNlcyBmb3IgVGhlc2lzOgBVcmJhbiBJbnN0aXR1dGUgb3BlIzUxODMwMjMucGRmAAAOAJoATABVAHIAYgBhAG4AIABJAG4AcwB0AGkAdAB1AHQAZQAgAG8AcABlAG4ALQBjAGkAdABpAGUAcwAtAGYAcgBvAG0ALQBlAGMAbwBuAG8AbQBpAGMALQBlAHgAYwBsAHUAcwBpAG8AbgAtAHQAbwAtAHUAcgBiAGEAbgAtAGkAbgBjAGwAdQBzAGkAbwBuAF8AMAAuAHAAZABmAA8AGgAMAE0AYQBjAGkAbgB0AG8AcwBoACAASABEABIAkVVzZXJzL3RpbWtpZWx5L0Ryb3Bib3ggKFBlcnNvbmFsKS9NU1BBL1RoZXNpcy9MaXQgU291cmNlcyBmb3IgVGhlc2lzL1VyYmFuIEluc3RpdHV0ZSBvcGVuLWNpdGllcy1mcm9tLWVjb25vbWljLWV4Y2x1c2lvbi10by11cmJhbi1pbmNsdXNpb25fMC5wZGYAABMAAS8AABUAAgAP//8AAIAG0hscHR5aJGNsYXNzbmFtZVgkY2xhc3Nlc11OU011dGFibGVEYXRhox0fIFZOU0RhdGFYTlNPYmplY3TSGxwiI1xOU0RpY3Rpb25hcnmiIiBfEA9OU0tleWVkQXJjaGl2ZXLRJidUcm9vdIABAAgAEQAaACMALQAyADcAQABGAE0AVQBgAGcAagBsAG4AcQBzAHUAdwCEAI4BAwEIARAD1gPYA90D6APxA/8EAwQKBBMEGAQlBCgEOgQ9BEIAAAAAAAACAQAAAAAAAAAoAAAAAAAAAAAAAAAAAAAERA==}}

@article{antipov12,
	Author = {Antipov, Evgeny A. and Pokryshevskaya, Elena B.},
	Date-Added = {2018-02-07 20:53:18 +0000},
	Date-Modified = {2018-02-07 21:23:04 +0000},
	Journal = {Expert Systems with Applications},
	Rating = {0},
	Read = {0},
	Title = {Mass appraisal of residential apartments: An application of Random forest for valuation and a CART-based approach for model diagnostics},
	Year = {2012}}
